<record><leader>00000cas a22000007a 4500</leader><controlfield tag="001">10287584</controlfield><controlfield tag="008">840111d18591860moudn ne      0    0eng  </controlfield><controlfield tag="009">466</controlfield><datafield ind1=" " ind2=" " tag="010"><subfield code="a">sn 84020057 </subfield></datafield><datafield ind1=" " ind2=" " tag="040"><subfield code="a">DLC</subfield><subfield code="b">eng</subfield><subfield code="c">DLC</subfield><subfield code="d">MQN</subfield></datafield><datafield ind1="1" ind2=" " tag="029"><subfield code="a">AU@</subfield><subfield code="b">000025803936</subfield></datafield><datafield ind1=" " ind2=" " tag="042"><subfield code="a">msc</subfield></datafield><datafield ind1="0" ind2="0" tag="050"><subfield code="a">Newspaper</subfield></datafield><datafield ind1="0" ind2="0" tag="245"><subfield code="a">Daily Kansas City journal of commerce.</subfield></datafield><datafield ind1="1" ind2="3" tag="246"><subfield code="a">Daily journal of commerce</subfield></datafield><datafield ind1=" " ind2=" " tag="260"><subfield code="a">City of Kansas [Kansas City, Mo.] :</subfield><subfield code="b">Van Horn &amp; Abeel,</subfield><subfield code="c">1859-1860.</subfield></datafield><datafield ind1=" " ind2=" " tag="300"><subfield code="a">v.</subfield></datafield><datafield ind1=" " ind2=" " tag="310"><subfield code="a">Daily (except Mon.)</subfield></datafield><datafield ind1="0" ind2=" " tag="362"><subfield code="a">Vol. 4, no. 1 (Dec. 13, 1859)-v. 5, no. 43 (Aug. 2, 1860).</subfield></datafield><datafield ind1=" " ind2=" " tag="752"><subfield code="a">United States</subfield><subfield code="b">Missouri</subfield><subfield code="c">Jackson</subfield><subfield code="d">Kansas City.</subfield></datafield><datafield ind1="0" ind2=" " tag="775"><subfield code="t">Western journal of commerce (Kansas City, Mo. : 1857)</subfield><subfield code="w">(DLC)sn 83025340</subfield></datafield><datafield ind1="0" ind2="0" tag="780"><subfield code="t">Kansas City daily western journal of commerce</subfield><subfield code="w">(DLC)sn 84020056</subfield></datafield><datafield ind1="0" ind2="0" tag="785"><subfield code="t">Daily Kansas City western journal of commerce (Kansas City, Mo. : 1860)</subfield><subfield code="w">(DLC)sn 84020058</subfield></datafield></record>